%
%  An example of a bibliographical database in BibTeX format,
%  which is used by biblatex to create the list of referenced works.
%
%  Academic search engines and software for maintenance of bibliography
%  often supports exporting records in BibTeX format. We recommend:
%
%    - Google Scholar (https://scholar.google.com/)
%    - JabRef (https://www.jabref.org/)
%    - zoterobib (https://zbib.org/)
%
%  BEWARE:
%
%    *  If a name contains a capital letter, which must be kept such,
%       use curly brackets ({T}hailand, {HIV}).
%
%  ===========================================================================

% BOOK{Andel07,
%   title = {Základy matematické statistiky},
%   publisher = {Matfyzpress},
%   year = {2007},
%   author = {Anděl, J.},
%   address = {Praha},
%   series = {Druhé opravené vydání},
%   isbn = {80-7378-001-1}
% }

@online{meta_dau_2024,
  author       = {Meta Platforms, Inc.},
  title        = {Meta-owned social apps have over 3.29 billion daily active users},
  year         = 2024,
  month        = sep,
  url          = {https://investor.fb.com/investor-news/press-release-details/2024/Meta-Reports-Third-Quarter-2024-Results/default.aspx},
  note         = {Accessed: 2024-11-03}
}

@online{snap_cit_hep,
  author       = {Stanford Network Analysis Project},
  title        = {High-energy physics citation network},
  year         = 2024,
  url          = {https://snap.stanford.edu/data/cit-HepPh.html},
  note         = {Accessed: 2024-09-10}
}


@online{cytoscapes_js_homepage,
  author       = {Max Franz (TODO - Max authored Cytospace - should we use his name here when citing the website?)},
  title        = {Cytoscape.js homepage},
  year         = 2024,
  url          = {https://js.cytoscape.org/},
  note         = {Accessed: 2024-12-19}
}

@online{cytoscapes_js_github,
  author       = {Max Franz},
  title        = {Cytoscape.js Euler demonstration - GitHub repository},
  year         = 2024,
  url          = {https://github.com/cytoscape/cytoscape.js-euler},
  note         = {Accessed: 2024-12-19}
}
